%YAML 1.1
%TAG !u! tag:unity3d.com,2011:
--- !u!1 &506518176359991283
GameObject:
  m_ObjectHideFlags: 0
  m_CorrespondingSourceObject: {fileID: 0}
  m_PrefabInstance: {fileID: 0}
  m_PrefabAsset: {fileID: 0}
  serializedVersion: 6
  m_Component:
  - component: {fileID: 506518176359991280}
  - component: {fileID: 506518176359991286}
  - component: {fileID: 506518176359991281}
  - component: {fileID: 506518176359991287}
  m_Layer: 0
  m_Name: TraumaHolder
  m_TagString: Untagged
  m_Icon: {fileID: 0}
  m_NavMeshLayer: 0
  m_StaticEditorFlags: 0
  m_IsActive: 1
--- !u!224 &506518176359991280
RectTransform:
  m_ObjectHideFlags: 0
  m_CorrespondingSourceObject: {fileID: 0}
  m_PrefabInstance: {fileID: 0}
  m_PrefabAsset: {fileID: 0}
  m_GameObject: {fileID: 506518176359991283}
  m_LocalRotation: {x: 0, y: 0, z: 0, w: 1}
  m_LocalPosition: {x: 0, y: 0, z: 0}
  m_LocalScale: {x: 1, y: 1, z: 1}
  m_Children:
  - {fileID: 6702023378025722657}
  m_Father: {fileID: 506518177044369505}
  m_RootOrder: 4
  m_LocalEulerAnglesHint: {x: 0, y: 0, z: 0}
  m_AnchorMin: {x: 1, y: 1}
  m_AnchorMax: {x: 1, y: 1}
  m_AnchoredPosition: {x: -60, y: -40}
  m_SizeDelta: {x: 400, y: 630}
  m_Pivot: {x: 1, y: 1}
--- !u!222 &506518176359991286
CanvasRenderer:
  m_ObjectHideFlags: 0
  m_CorrespondingSourceObject: {fileID: 0}
  m_PrefabInstance: {fileID: 0}
  m_PrefabAsset: {fileID: 0}
  m_GameObject: {fileID: 506518176359991283}
  m_CullTransparentMesh: 0
--- !u!114 &506518176359991281
MonoBehaviour:
  m_ObjectHideFlags: 0
  m_CorrespondingSourceObject: {fileID: 0}
  m_PrefabInstance: {fileID: 0}
  m_PrefabAsset: {fileID: 0}
  m_GameObject: {fileID: 506518176359991283}
  m_Enabled: 1
  m_EditorHideFlags: 0
  m_Script: {fileID: -765806418, guid: f70555f144d8491a825f0804e09c671c, type: 3}
  m_Name: 
  m_EditorClassIdentifier: 
  m_Material: {fileID: 0}
  m_Color: {r: 1, g: 1, b: 1, a: 0.392}
  m_RaycastTarget: 1
  m_OnCullStateChanged:
    m_PersistentCalls:
      m_Calls: []
    m_TypeName: UnityEngine.UI.MaskableGraphic+CullStateChangedEvent, UnityEngine.UI,
      Version=1.0.0.0, Culture=neutral, PublicKeyToken=null
  m_Sprite: {fileID: 10907, guid: 0000000000000000f000000000000000, type: 0}
  m_Type: 1
  m_PreserveAspect: 0
  m_FillCenter: 1
  m_FillMethod: 4
  m_FillAmount: 1
  m_FillClockwise: 1
  m_FillOrigin: 0
  m_UseSpriteMesh: 0
--- !u!114 &506518176359991287
MonoBehaviour:
  m_ObjectHideFlags: 0
  m_CorrespondingSourceObject: {fileID: 0}
  m_PrefabInstance: {fileID: 0}
  m_PrefabAsset: {fileID: 0}
  m_GameObject: {fileID: 506518176359991283}
  m_Enabled: 1
  m_EditorHideFlags: 0
  m_Script: {fileID: 1297475563, guid: f70555f144d8491a825f0804e09c671c, type: 3}
  m_Name: 
  m_EditorClassIdentifier: 
  m_Padding:
    m_Left: 0
    m_Right: 0
    m_Top: 0
    m_Bottom: 0
  m_ChildAlignment: 0
  m_Spacing: 0
  m_ChildForceExpandWidth: 0
  m_ChildForceExpandHeight: 0
  m_ChildControlWidth: 0
  m_ChildControlHeight: 0
--- !u!1 &506518176586167948
GameObject:
  m_ObjectHideFlags: 0
  m_CorrespondingSourceObject: {fileID: 0}
  m_PrefabInstance: {fileID: 0}
  m_PrefabAsset: {fileID: 0}
  serializedVersion: 6
  m_Component:
  - component: {fileID: 506518176586167949}
  - component: {fileID: 506518176586167936}
  - component: {fileID: 506518176586167939}
  - component: {fileID: 506518176586167937}
  - component: {fileID: 506518176586167938}
  m_Layer: 0
  m_Name: MainLabelsHolder
  m_TagString: Untagged
  m_Icon: {fileID: 0}
  m_NavMeshLayer: 0
  m_StaticEditorFlags: 0
  m_IsActive: 1
--- !u!224 &506518176586167949
RectTransform:
  m_ObjectHideFlags: 0
  m_CorrespondingSourceObject: {fileID: 0}
  m_PrefabInstance: {fileID: 0}
  m_PrefabAsset: {fileID: 0}
  m_GameObject: {fileID: 506518176586167948}
  m_LocalRotation: {x: 0, y: 0, z: 0, w: 1}
  m_LocalPosition: {x: 0, y: 0, z: 0}
  m_LocalScale: {x: 1, y: 1, z: 1}
  m_Children: []
  m_Father: {fileID: 506518177044369505}
  m_RootOrder: 0
  m_LocalEulerAnglesHint: {x: 0, y: 0, z: 0}
  m_AnchorMin: {x: 0, y: 1}
  m_AnchorMax: {x: 0, y: 1}
  m_AnchoredPosition: {x: 60, y: -80}
  m_SizeDelta: {x: 400, y: 120}
  m_Pivot: {x: 0, y: 1}
--- !u!222 &506518176586167936
CanvasRenderer:
  m_ObjectHideFlags: 0
  m_CorrespondingSourceObject: {fileID: 0}
  m_PrefabInstance: {fileID: 0}
  m_PrefabAsset: {fileID: 0}
  m_GameObject: {fileID: 506518176586167948}
  m_CullTransparentMesh: 0
--- !u!114 &506518176586167939
MonoBehaviour:
  m_ObjectHideFlags: 0
  m_CorrespondingSourceObject: {fileID: 0}
  m_PrefabInstance: {fileID: 0}
  m_PrefabAsset: {fileID: 0}
  m_GameObject: {fileID: 506518176586167948}
  m_Enabled: 1
  m_EditorHideFlags: 0
  m_Script: {fileID: -765806418, guid: f70555f144d8491a825f0804e09c671c, type: 3}
  m_Name: 
  m_EditorClassIdentifier: 
  m_Material: {fileID: 0}
  m_Color: {r: 1, g: 1, b: 1, a: 0.392}
  m_RaycastTarget: 1
  m_OnCullStateChanged:
    m_PersistentCalls:
      m_Calls: []
    m_TypeName: UnityEngine.UI.MaskableGraphic+CullStateChangedEvent, UnityEngine.UI,
      Version=1.0.0.0, Culture=neutral, PublicKeyToken=null
  m_Sprite: {fileID: 10907, guid: 0000000000000000f000000000000000, type: 0}
  m_Type: 1
  m_PreserveAspect: 0
  m_FillCenter: 1
  m_FillMethod: 4
  m_FillAmount: 1
  m_FillClockwise: 1
  m_FillOrigin: 0
  m_UseSpriteMesh: 0
--- !u!114 &506518176586167937
MonoBehaviour:
  m_ObjectHideFlags: 0
  m_CorrespondingSourceObject: {fileID: 0}
  m_PrefabInstance: {fileID: 0}
  m_PrefabAsset: {fileID: 0}
  m_GameObject: {fileID: 506518176586167948}
  m_Enabled: 1
  m_EditorHideFlags: 0
  m_Script: {fileID: 11500000, guid: 110fc35597d71dc4fab2fa403c727fb2, type: 3}
  m_Name: 
  m_EditorClassIdentifier: 
  statPrefab: {fileID: 1425251894544410, guid: 49faad02535fdf142aba5c9bdf24f834, type: 3}
  statMinMaxPrefab: {fileID: 1425251894544410, guid: 7a7d5377b51ce59479302b010f1377b3,
    type: 3}
  statIntervalPrefab: {fileID: 0}
  archetypePrefab: {fileID: 0}
  skillPrefab: {fileID: 0}
  assetBundleNames:
  - stats_main_label
--- !u!114 &506518176586167938
MonoBehaviour:
  m_ObjectHideFlags: 0
  m_CorrespondingSourceObject: {fileID: 0}
  m_PrefabInstance: {fileID: 0}
  m_PrefabAsset: {fileID: 0}
  m_GameObject: {fileID: 506518176586167948}
  m_Enabled: 1
  m_EditorHideFlags: 0
  m_Script: {fileID: 1297475563, guid: f70555f144d8491a825f0804e09c671c, type: 3}
  m_Name: 
  m_EditorClassIdentifier: 
  m_Padding:
    m_Left: 0
    m_Right: 0
    m_Top: 0
    m_Bottom: 0
  m_ChildAlignment: 0
  m_Spacing: 0
  m_ChildForceExpandWidth: 0
  m_ChildForceExpandHeight: 0
  m_ChildControlWidth: 0
  m_ChildControlHeight: 0
--- !u!1 &506518176734925051
GameObject:
  m_ObjectHideFlags: 0
  m_CorrespondingSourceObject: {fileID: 0}
  m_PrefabInstance: {fileID: 0}
  m_PrefabAsset: {fileID: 0}
  serializedVersion: 6
  m_Component:
  - component: {fileID: 506518176734925048}
  - component: {fileID: 506518176734925054}
  - component: {fileID: 506518176734925049}
  m_Layer: 0
  m_Name: DescriptionHolder
  m_TagString: Untagged
  m_Icon: {fileID: 0}
  m_NavMeshLayer: 0
  m_StaticEditorFlags: 0
  m_IsActive: 1
--- !u!224 &506518176734925048
RectTransform:
  m_ObjectHideFlags: 0
  m_CorrespondingSourceObject: {fileID: 0}
  m_PrefabInstance: {fileID: 0}
  m_PrefabAsset: {fileID: 0}
  m_GameObject: {fileID: 506518176734925051}
  m_LocalRotation: {x: -0, y: -0, z: -0, w: 1}
  m_LocalPosition: {x: 0, y: 0, z: 0}
  m_LocalScale: {x: 1, y: 1, z: 1}
  m_Children:
  - {fileID: 506518177727350483}
  m_Father: {fileID: 506518177044369505}
  m_RootOrder: 5
  m_LocalEulerAnglesHint: {x: 0, y: 0, z: 0}
  m_AnchorMin: {x: 0, y: 0}
  m_AnchorMax: {x: 0, y: 0}
  m_AnchoredPosition: {x: 600, y: 40}
  m_SizeDelta: {x: 1255, y: 325}
  m_Pivot: {x: 0, y: 0}
--- !u!222 &506518176734925054
CanvasRenderer:
  m_ObjectHideFlags: 0
  m_CorrespondingSourceObject: {fileID: 0}
  m_PrefabInstance: {fileID: 0}
  m_PrefabAsset: {fileID: 0}
  m_GameObject: {fileID: 506518176734925051}
  m_CullTransparentMesh: 0
--- !u!114 &506518176734925049
MonoBehaviour:
  m_ObjectHideFlags: 0
  m_CorrespondingSourceObject: {fileID: 0}
  m_PrefabInstance: {fileID: 0}
  m_PrefabAsset: {fileID: 0}
  m_GameObject: {fileID: 506518176734925051}
  m_Enabled: 1
  m_EditorHideFlags: 0
  m_Script: {fileID: -765806418, guid: f70555f144d8491a825f0804e09c671c, type: 3}
  m_Name: 
  m_EditorClassIdentifier: 
  m_Material: {fileID: 0}
  m_Color: {r: 1, g: 1, b: 1, a: 0.392}
  m_RaycastTarget: 1
  m_OnCullStateChanged:
    m_PersistentCalls:
      m_Calls: []
    m_TypeName: UnityEngine.UI.MaskableGraphic+CullStateChangedEvent, UnityEngine.UI,
      Version=1.0.0.0, Culture=neutral, PublicKeyToken=null
  m_Sprite: {fileID: 10907, guid: 0000000000000000f000000000000000, type: 0}
  m_Type: 1
  m_PreserveAspect: 0
  m_FillCenter: 1
  m_FillMethod: 4
  m_FillAmount: 1
  m_FillClockwise: 1
  m_FillOrigin: 0
  m_UseSpriteMesh: 0
--- !u!1 &506518176953512036
GameObject:
  m_ObjectHideFlags: 0
  m_CorrespondingSourceObject: {fileID: 0}
  m_PrefabInstance: {fileID: 0}
  m_PrefabAsset: {fileID: 0}
  serializedVersion: 6
  m_Component:
  - component: {fileID: 506518176953512037}
  - component: {fileID: 506518176953512057}
  - component: {fileID: 506518176953512056}
  - component: {fileID: 506518176953512059}
  - component: {fileID: 506518176953512058}
  m_Layer: 0
  m_Name: MainOtherLabelsHolder
  m_TagString: Untagged
  m_Icon: {fileID: 0}
  m_NavMeshLayer: 0
  m_StaticEditorFlags: 0
  m_IsActive: 1
--- !u!224 &506518176953512037
RectTransform:
  m_ObjectHideFlags: 0
  m_CorrespondingSourceObject: {fileID: 0}
  m_PrefabInstance: {fileID: 0}
  m_PrefabAsset: {fileID: 0}
  m_GameObject: {fileID: 506518176953512036}
  m_LocalRotation: {x: 0, y: 0, z: 0, w: 1}
  m_LocalPosition: {x: 0, y: 0, z: 0}
  m_LocalScale: {x: 1, y: 1, z: 1}
  m_Children: []
  m_Father: {fileID: 506518177044369505}
  m_RootOrder: 1
  m_LocalEulerAnglesHint: {x: 0, y: 0, z: 0}
  m_AnchorMin: {x: 0, y: 1}
  m_AnchorMax: {x: 0, y: 1}
  m_AnchoredPosition: {x: 600, y: -80}
  m_SizeDelta: {x: 400, y: 220}
  m_Pivot: {x: 0, y: 1}
--- !u!222 &506518176953512057
CanvasRenderer:
  m_ObjectHideFlags: 0
  m_CorrespondingSourceObject: {fileID: 0}
  m_PrefabInstance: {fileID: 0}
  m_PrefabAsset: {fileID: 0}
  m_GameObject: {fileID: 506518176953512036}
  m_CullTransparentMesh: 0
--- !u!114 &506518176953512056
MonoBehaviour:
  m_ObjectHideFlags: 0
  m_CorrespondingSourceObject: {fileID: 0}
  m_PrefabInstance: {fileID: 0}
  m_PrefabAsset: {fileID: 0}
  m_GameObject: {fileID: 506518176953512036}
  m_Enabled: 1
  m_EditorHideFlags: 0
  m_Script: {fileID: -765806418, guid: f70555f144d8491a825f0804e09c671c, type: 3}
  m_Name: 
  m_EditorClassIdentifier: 
  m_Material: {fileID: 0}
  m_Color: {r: 1, g: 1, b: 1, a: 0.392}
  m_RaycastTarget: 1
  m_OnCullStateChanged:
    m_PersistentCalls:
      m_Calls: []
    m_TypeName: UnityEngine.UI.MaskableGraphic+CullStateChangedEvent, UnityEngine.UI,
      Version=1.0.0.0, Culture=neutral, PublicKeyToken=null
  m_Sprite: {fileID: 10907, guid: 0000000000000000f000000000000000, type: 0}
  m_Type: 1
  m_PreserveAspect: 0
  m_FillCenter: 1
  m_FillMethod: 4
  m_FillAmount: 1
  m_FillClockwise: 1
  m_FillOrigin: 0
  m_UseSpriteMesh: 0
--- !u!114 &506518176953512059
MonoBehaviour:
  m_ObjectHideFlags: 0
  m_CorrespondingSourceObject: {fileID: 0}
  m_PrefabInstance: {fileID: 0}
  m_PrefabAsset: {fileID: 0}
  m_GameObject: {fileID: 506518176953512036}
  m_Enabled: 1
  m_EditorHideFlags: 0
  m_Script: {fileID: 11500000, guid: 110fc35597d71dc4fab2fa403c727fb2, type: 3}
  m_Name: 
  m_EditorClassIdentifier: 
  statPrefab: {fileID: 1425251894544410, guid: 49faad02535fdf142aba5c9bdf24f834, type: 3}
  statMinMaxPrefab: {fileID: 1425251894544410, guid: 7a7d5377b51ce59479302b010f1377b3,
    type: 3}
  statIntervalPrefab: {fileID: 1425251894544410, guid: c6f86b400b76d2e48974863af0eda85c,
    type: 3}
  archetypePrefab: {fileID: 0}
  skillPrefab: {fileID: 0}
  assetBundleNames:
  - stats_main_other_label
--- !u!114 &506518176953512058
MonoBehaviour:
  m_ObjectHideFlags: 0
  m_CorrespondingSourceObject: {fileID: 0}
  m_PrefabInstance: {fileID: 0}
  m_PrefabAsset: {fileID: 0}
  m_GameObject: {fileID: 506518176953512036}
  m_Enabled: 1
  m_EditorHideFlags: 0
  m_Script: {fileID: 1297475563, guid: f70555f144d8491a825f0804e09c671c, type: 3}
  m_Name: 
  m_EditorClassIdentifier: 
  m_Padding:
    m_Left: 0
    m_Right: 0
    m_Top: 0
    m_Bottom: 0
  m_ChildAlignment: 0
  m_Spacing: 0
  m_ChildForceExpandWidth: 0
  m_ChildForceExpandHeight: 0
  m_ChildControlWidth: 0
  m_ChildControlHeight: 0
--- !u!1 &506518176991907021
GameObject:
  m_ObjectHideFlags: 0
  m_CorrespondingSourceObject: {fileID: 0}
  m_PrefabInstance: {fileID: 0}
  m_PrefabAsset: {fileID: 0}
  serializedVersion: 6
  m_Component:
  - component: {fileID: 506518176991907010}
  - component: {fileID: 506518176991907008}
  - component: {fileID: 506518176991907011}
  - component: {fileID: 506518176991907009}
  - component: {fileID: 506518176991907015}
  - component: {fileID: 506518176991907014}
  m_Layer: 0
  m_Name: LMSHolder
  m_TagString: Untagged
  m_Icon: {fileID: 0}
  m_NavMeshLayer: 0
  m_StaticEditorFlags: 0
  m_IsActive: 1
--- !u!224 &506518176991907010
RectTransform:
  m_ObjectHideFlags: 0
  m_CorrespondingSourceObject: {fileID: 0}
  m_PrefabInstance: {fileID: 0}
  m_PrefabAsset: {fileID: 0}
  m_GameObject: {fileID: 506518176991907021}
  m_LocalRotation: {x: 0, y: 0, z: 0, w: 1}
  m_LocalPosition: {x: 0, y: 0, z: 0}
  m_LocalScale: {x: 1, y: 1, z: 1}
  m_Children: []
  m_Father: {fileID: 506518177044369505}
  m_RootOrder: 2
  m_LocalEulerAnglesHint: {x: 0, y: 0, z: 0}
  m_AnchorMin: {x: 0, y: 1}
  m_AnchorMax: {x: 0, y: 1}
  m_AnchoredPosition: {x: 60, y: -205}
  m_SizeDelta: {x: 480, y: 835.1}
  m_Pivot: {x: 0, y: 1}
--- !u!222 &506518176991907008
CanvasRenderer:
  m_ObjectHideFlags: 0
  m_CorrespondingSourceObject: {fileID: 0}
  m_PrefabInstance: {fileID: 0}
  m_PrefabAsset: {fileID: 0}
  m_GameObject: {fileID: 506518176991907021}
  m_CullTransparentMesh: 0
--- !u!114 &506518176991907011
MonoBehaviour:
  m_ObjectHideFlags: 0
  m_CorrespondingSourceObject: {fileID: 0}
  m_PrefabInstance: {fileID: 0}
  m_PrefabAsset: {fileID: 0}
  m_GameObject: {fileID: 506518176991907021}
  m_Enabled: 1
  m_EditorHideFlags: 0
  m_Script: {fileID: -765806418, guid: f70555f144d8491a825f0804e09c671c, type: 3}
  m_Name: 
  m_EditorClassIdentifier: 
  m_Material: {fileID: 0}
  m_Color: {r: 1, g: 1, b: 1, a: 0.392}
  m_RaycastTarget: 1
  m_OnCullStateChanged:
    m_PersistentCalls:
      m_Calls: []
    m_TypeName: UnityEngine.UI.MaskableGraphic+CullStateChangedEvent, UnityEngine.UI,
      Version=1.0.0.0, Culture=neutral, PublicKeyToken=null
  m_Sprite: {fileID: 10907, guid: 0000000000000000f000000000000000, type: 0}
  m_Type: 1
  m_PreserveAspect: 0
  m_FillCenter: 1
  m_FillMethod: 4
  m_FillAmount: 1
  m_FillClockwise: 1
  m_FillOrigin: 0
  m_UseSpriteMesh: 0
--- !u!114 &506518176991907009
MonoBehaviour:
  m_ObjectHideFlags: 0
  m_CorrespondingSourceObject: {fileID: 0}
  m_PrefabInstance: {fileID: 0}
  m_PrefabAsset: {fileID: 0}
  m_GameObject: {fileID: 506518176991907021}
  m_Enabled: 1
  m_EditorHideFlags: 0
  m_Script: {fileID: 11500000, guid: 7556d127d5e1d3944b786c14784ff2de, type: 3}
  m_Name: 
  m_EditorClassIdentifier: 
  mainLabelsHolder: {fileID: 506518176586167948}
  mainOtherLabelsHolder: {fileID: 506518176953512036}
--- !u!114 &506518176991907015
MonoBehaviour:
  m_ObjectHideFlags: 0
  m_CorrespondingSourceObject: {fileID: 0}
  m_PrefabInstance: {fileID: 0}
  m_PrefabAsset: {fileID: 0}
  m_GameObject: {fileID: 506518176991907021}
  m_Enabled: 1
  m_EditorHideFlags: 0
  m_Script: {fileID: 11500000, guid: 110fc35597d71dc4fab2fa403c727fb2, type: 3}
  m_Name: 
  m_EditorClassIdentifier: 
  statPrefab: {fileID: 0}
  statMinMaxPrefab: {fileID: 0}
  statIntervalPrefab: {fileID: 0}
  archetypePrefab: {fileID: 1172847711875360, guid: c678d60cddd321c4292a9e2234108a18,
    type: 3}
  skillPrefab: {fileID: 1965465321247152, guid: 50be6e3dc18fe0a4aa4d65801e3ccb21,
    type: 3}
  assetBundleNames:
  - stats_archetype_lore
  - stats_archetype_might
  - stats_archetype_survive
--- !u!114 &506518176991907014
MonoBehaviour:
  m_ObjectHideFlags: 0
  m_CorrespondingSourceObject: {fileID: 0}
  m_PrefabInstance: {fileID: 0}
  m_PrefabAsset: {fileID: 0}
  m_GameObject: {fileID: 506518176991907021}
  m_Enabled: 1
  m_EditorHideFlags: 0
  m_Script: {fileID: 1297475563, guid: f70555f144d8491a825f0804e09c671c, type: 3}
  m_Name: 
  m_EditorClassIdentifier: 
  m_Padding:
    m_Left: 0
    m_Right: 0
    m_Top: 0
    m_Bottom: 0
  m_ChildAlignment: 1
  m_Spacing: 0
  m_ChildForceExpandWidth: 0
  m_ChildForceExpandHeight: 0
  m_ChildControlWidth: 0
  m_ChildControlHeight: 0
--- !u!1 &506518177044369504
GameObject:
  m_ObjectHideFlags: 0
  m_CorrespondingSourceObject: {fileID: 0}
  m_PrefabInstance: {fileID: 0}
  m_PrefabAsset: {fileID: 0}
  serializedVersion: 6
  m_Component:
  - component: {fileID: 506518177044369505}
  - component: {fileID: 506518177044369511}
  - component: {fileID: 506518177044369510}
  - component: {fileID: 506518177044369509}
  - component: {fileID: 506518177044369508}
  m_Layer: 0
  m_Name: CharacterStatsHolder
  m_TagString: Untagged
  m_Icon: {fileID: 0}
  m_NavMeshLayer: 0
  m_StaticEditorFlags: 0
  m_IsActive: 1
--- !u!224 &506518177044369505
RectTransform:
  m_ObjectHideFlags: 0
  m_CorrespondingSourceObject: {fileID: 0}
  m_PrefabInstance: {fileID: 0}
  m_PrefabAsset: {fileID: 0}
  m_GameObject: {fileID: 506518177044369504}
  m_LocalRotation: {x: 0, y: 0, z: 0, w: 1}
  m_LocalPosition: {x: 0, y: 0, z: 0}
  m_LocalScale: {x: 1, y: 1, z: 1}
  m_Children:
  - {fileID: 506518176586167949}
  - {fileID: 506518176953512037}
  - {fileID: 506518176991907010}
  - {fileID: 506518177339337667}
  - {fileID: 506518176359991280}
  - {fileID: 506518176734925048}
  - {fileID: 506518177522708554}
  - {fileID: 506518178011899506}
  m_Father: {fileID: 0}
  m_RootOrder: 0
  m_LocalEulerAnglesHint: {x: 0, y: 0, z: 0}
  m_AnchorMin: {x: 0.5, y: 0.5}
  m_AnchorMax: {x: 0.5, y: 0.5}
  m_AnchoredPosition: {x: 0, y: 0}
  m_SizeDelta: {x: 1920, y: 1080}
  m_Pivot: {x: 0.5, y: 0.5}
--- !u!222 &506518177044369511
CanvasRenderer:
  m_ObjectHideFlags: 0
  m_CorrespondingSourceObject: {fileID: 0}
  m_PrefabInstance: {fileID: 0}
  m_PrefabAsset: {fileID: 0}
  m_GameObject: {fileID: 506518177044369504}
  m_CullTransparentMesh: 0
--- !u!114 &506518177044369510
MonoBehaviour:
  m_ObjectHideFlags: 0
  m_CorrespondingSourceObject: {fileID: 0}
  m_PrefabInstance: {fileID: 0}
  m_PrefabAsset: {fileID: 0}
  m_GameObject: {fileID: 506518177044369504}
  m_Enabled: 1
  m_EditorHideFlags: 0
  m_Script: {fileID: -765806418, guid: f70555f144d8491a825f0804e09c671c, type: 3}
  m_Name: 
  m_EditorClassIdentifier: 
  m_Material: {fileID: 0}
  m_Color: {r: 1, g: 1, b: 1, a: 1}
  m_RaycastTarget: 1
  m_OnCullStateChanged:
    m_PersistentCalls:
      m_Calls: []
    m_TypeName: UnityEngine.UI.MaskableGraphic+CullStateChangedEvent, UnityEngine.UI,
      Version=1.0.0.0, Culture=neutral, PublicKeyToken=null
  m_Sprite: {fileID: 21300000, guid: 2d6628ebd1710994ebaba66e90cb5144, type: 3}
  m_Type: 0
  m_PreserveAspect: 0
  m_FillCenter: 1
  m_FillMethod: 4
  m_FillAmount: 1
  m_FillClockwise: 1
  m_FillOrigin: 0
  m_UseSpriteMesh: 0
--- !u!225 &506518177044369509
CanvasGroup:
  m_ObjectHideFlags: 0
  m_CorrespondingSourceObject: {fileID: 0}
  m_PrefabInstance: {fileID: 0}
  m_PrefabAsset: {fileID: 0}
  m_GameObject: {fileID: 506518177044369504}
  m_Enabled: 1
  m_Alpha: 0
  m_Interactable: 0
  m_BlocksRaycasts: 0
  m_IgnoreParentGroups: 0
--- !u!114 &506518177044369508
MonoBehaviour:
  m_ObjectHideFlags: 0
  m_CorrespondingSourceObject: {fileID: 0}
  m_PrefabInstance: {fileID: 0}
  m_PrefabAsset: {fileID: 0}
  m_GameObject: {fileID: 506518177044369504}
  m_Enabled: 1
  m_EditorHideFlags: 0
  m_Script: {fileID: 11500000, guid: ed57253b51bcf604da39bffc4401f6db, type: 3}
  m_Name: 
  m_EditorClassIdentifier: 
  canvasGroup: {fileID: 506518177044369509}
--- !u!1 &506518177339337666
GameObject:
  m_ObjectHideFlags: 0
  m_CorrespondingSourceObject: {fileID: 0}
  m_PrefabInstance: {fileID: 0}
  m_PrefabAsset: {fileID: 0}
  serializedVersion: 6
  m_Component:
  - component: {fileID: 506518177339337667}
  - component: {fileID: 506518177339337670}
  - component: {fileID: 506518177339337665}
  - component: {fileID: 506518177339337668}
  - component: {fileID: 506518177339337671}
  m_Layer: 0
  m_Name: CharacterReputationHolder
  m_TagString: Untagged
  m_Icon: {fileID: 0}
  m_NavMeshLayer: 0
  m_StaticEditorFlags: 0
  m_IsActive: 1
--- !u!224 &506518177339337667
RectTransform:
  m_ObjectHideFlags: 0
  m_CorrespondingSourceObject: {fileID: 0}
  m_PrefabInstance: {fileID: 0}
  m_PrefabAsset: {fileID: 0}
  m_GameObject: {fileID: 506518177339337666}
  m_LocalRotation: {x: 0, y: 0, z: 0, w: 1}
  m_LocalPosition: {x: 0, y: 0, z: 0}
  m_LocalScale: {x: 1, y: 1, z: 1}
  m_Children:
  - {fileID: 6702023376894999179}
  m_Father: {fileID: 506518177044369505}
  m_RootOrder: 3
  m_LocalEulerAnglesHint: {x: 0, y: 0, z: 0}
  m_AnchorMin: {x: 0.5, y: 1}
  m_AnchorMax: {x: 0.5, y: 1}
  m_AnchoredPosition: {x: 270, y: -40}
  m_SizeDelta: {x: 400, y: 260}
  m_Pivot: {x: 0.5, y: 1}
--- !u!222 &506518177339337670
CanvasRenderer:
  m_ObjectHideFlags: 0
  m_CorrespondingSourceObject: {fileID: 0}
  m_PrefabInstance: {fileID: 0}
  m_PrefabAsset: {fileID: 0}
  m_GameObject: {fileID: 506518177339337666}
  m_CullTransparentMesh: 0
--- !u!114 &506518177339337665
MonoBehaviour:
  m_ObjectHideFlags: 0
  m_CorrespondingSourceObject: {fileID: 0}
  m_PrefabInstance: {fileID: 0}
  m_PrefabAsset: {fileID: 0}
  m_GameObject: {fileID: 506518177339337666}
  m_Enabled: 1
  m_EditorHideFlags: 0
  m_Script: {fileID: -765806418, guid: f70555f144d8491a825f0804e09c671c, type: 3}
  m_Name: 
  m_EditorClassIdentifier: 
  m_Material: {fileID: 0}
  m_Color: {r: 1, g: 1, b: 1, a: 0.392}
  m_RaycastTarget: 1
  m_OnCullStateChanged:
    m_PersistentCalls:
      m_Calls: []
    m_TypeName: UnityEngine.UI.MaskableGraphic+CullStateChangedEvent, UnityEngine.UI,
      Version=1.0.0.0, Culture=neutral, PublicKeyToken=null
  m_Sprite: {fileID: 10907, guid: 0000000000000000f000000000000000, type: 0}
  m_Type: 1
  m_PreserveAspect: 0
  m_FillCenter: 1
  m_FillMethod: 4
  m_FillAmount: 1
  m_FillClockwise: 1
  m_FillOrigin: 0
  m_UseSpriteMesh: 0
--- !u!114 &506518177339337668
MonoBehaviour:
  m_ObjectHideFlags: 0
  m_CorrespondingSourceObject: {fileID: 0}
  m_PrefabInstance: {fileID: 0}
  m_PrefabAsset: {fileID: 0}
  m_GameObject: {fileID: 506518177339337666}
  m_Enabled: 1
  m_EditorHideFlags: 0
  m_Script: {fileID: 11500000, guid: 110fc35597d71dc4fab2fa403c727fb2, type: 3}
  m_Name: 
  m_EditorClassIdentifier: 
  statPrefab: {fileID: 1425251894544410, guid: 49faad02535fdf142aba5c9bdf24f834, type: 3}
  statMinMaxPrefab: {fileID: 0}
  statIntervalPrefab: {fileID: 0}
  archetypePrefab: {fileID: 0}
  skillPrefab: {fileID: 0}
  assetBundleNames:
  - stats_character_reputation
--- !u!114 &506518177339337671
MonoBehaviour:
  m_ObjectHideFlags: 0
  m_CorrespondingSourceObject: {fileID: 0}
  m_PrefabInstance: {fileID: 0}
  m_PrefabAsset: {fileID: 0}
  m_GameObject: {fileID: 506518177339337666}
  m_Enabled: 1
  m_EditorHideFlags: 0
  m_Script: {fileID: 1297475563, guid: f70555f144d8491a825f0804e09c671c, type: 3}
  m_Name: 
  m_EditorClassIdentifier: 
  m_Padding:
    m_Left: 0
    m_Right: 0
    m_Top: 0
    m_Bottom: 0
  m_ChildAlignment: 1
  m_Spacing: 0
  m_ChildForceExpandWidth: 0
  m_ChildForceExpandHeight: 0
  m_ChildControlWidth: 0
  m_ChildControlHeight: 0
--- !u!1 &506518177522708597
GameObject:
  m_ObjectHideFlags: 0
  m_CorrespondingSourceObject: {fileID: 0}
  m_PrefabInstance: {fileID: 0}
  m_PrefabAsset: {fileID: 0}
  serializedVersion: 6
  m_Component:
  - component: {fileID: 506518177522708554}
  - component: {fileID: 506518177522708552}
  - component: {fileID: 506518177522708555}
  - component: {fileID: 506518177522708558}
  - component: {fileID: 506518177522708553}
  m_Layer: 0
  m_Name: CombatModifiersHolder
  m_TagString: Untagged
  m_Icon: {fileID: 0}
  m_NavMeshLayer: 0
  m_StaticEditorFlags: 0
  m_IsActive: 1
--- !u!224 &506518177522708554
RectTransform:
  m_ObjectHideFlags: 0
  m_CorrespondingSourceObject: {fileID: 0}
  m_PrefabInstance: {fileID: 0}
  m_PrefabAsset: {fileID: 0}
  m_GameObject: {fileID: 506518177522708597}
  m_LocalRotation: {x: 0, y: 0, z: 0, w: 1}
  m_LocalPosition: {x: 0, y: 0, z: 0}
  m_LocalScale: {x: 1, y: 1, z: 1}
  m_Children: []
  m_Father: {fileID: 506518177044369505}
  m_RootOrder: 6
  m_LocalEulerAnglesHint: {x: 0, y: 0, z: 0}
  m_AnchorMin: {x: 0, y: 1}
  m_AnchorMax: {x: 0, y: 1}
  m_AnchoredPosition: {x: 600, y: -340}
  m_SizeDelta: {x: 400, y: 330}
  m_Pivot: {x: 0, y: 1}
--- !u!222 &506518177522708552
CanvasRenderer:
  m_ObjectHideFlags: 0
  m_CorrespondingSourceObject: {fileID: 0}
  m_PrefabInstance: {fileID: 0}
  m_PrefabAsset: {fileID: 0}
  m_GameObject: {fileID: 506518177522708597}
  m_CullTransparentMesh: 0
--- !u!114 &506518177522708555
MonoBehaviour:
  m_ObjectHideFlags: 0
  m_CorrespondingSourceObject: {fileID: 0}
  m_PrefabInstance: {fileID: 0}
  m_PrefabAsset: {fileID: 0}
  m_GameObject: {fileID: 506518177522708597}
  m_Enabled: 1
  m_EditorHideFlags: 0
  m_Script: {fileID: -765806418, guid: f70555f144d8491a825f0804e09c671c, type: 3}
  m_Name: 
  m_EditorClassIdentifier: 
  m_Material: {fileID: 0}
  m_Color: {r: 1, g: 1, b: 1, a: 0.392}
  m_RaycastTarget: 1
  m_OnCullStateChanged:
    m_PersistentCalls:
      m_Calls: []
    m_TypeName: UnityEngine.UI.MaskableGraphic+CullStateChangedEvent, UnityEngine.UI,
      Version=1.0.0.0, Culture=neutral, PublicKeyToken=null
  m_Sprite: {fileID: 10907, guid: 0000000000000000f000000000000000, type: 0}
  m_Type: 1
  m_PreserveAspect: 0
  m_FillCenter: 1
  m_FillMethod: 4
  m_FillAmount: 1
  m_FillClockwise: 1
  m_FillOrigin: 0
  m_UseSpriteMesh: 0
--- !u!114 &506518177522708558
MonoBehaviour:
  m_ObjectHideFlags: 0
  m_CorrespondingSourceObject: {fileID: 0}
  m_PrefabInstance: {fileID: 0}
  m_PrefabAsset: {fileID: 0}
  m_GameObject: {fileID: 506518177522708597}
  m_Enabled: 1
  m_EditorHideFlags: 0
  m_Script: {fileID: 11500000, guid: 862ff941e2586ce4db892ebb333964c7, type: 3}
  m_Name: 
  m_EditorClassIdentifier: 
  statModOnePrefab: {fileID: 1425251894544410, guid: 36531996ac174a04e8552abf149fd442,
    type: 3}
  statModMinMaxPrefab: {fileID: 1425251894544410, guid: 0213c72cb226ca14d9c9d85306308cf2,
    type: 3}
  assetBundleNames:
  - stats_combat
--- !u!114 &506518177522708553
MonoBehaviour:
  m_ObjectHideFlags: 0
  m_CorrespondingSourceObject: {fileID: 0}
  m_PrefabInstance: {fileID: 0}
  m_PrefabAsset: {fileID: 0}
  m_GameObject: {fileID: 506518177522708597}
  m_Enabled: 1
  m_EditorHideFlags: 0
  m_Script: {fileID: 1297475563, guid: f70555f144d8491a825f0804e09c671c, type: 3}
  m_Name: 
  m_EditorClassIdentifier: 
  m_Padding:
    m_Left: 0
    m_Right: 0
    m_Top: 0
    m_Bottom: 0
  m_ChildAlignment: 0
  m_Spacing: 0
  m_ChildForceExpandWidth: 0
  m_ChildForceExpandHeight: 0
  m_ChildControlWidth: 0
  m_ChildControlHeight: 0
--- !u!1 &506518177727350482
GameObject:
  m_ObjectHideFlags: 0
  m_CorrespondingSourceObject: {fileID: 0}
  m_PrefabInstance: {fileID: 0}
  m_PrefabAsset: {fileID: 0}
  serializedVersion: 6
  m_Component:
  - component: {fileID: 506518177727350483}
  - component: {fileID: 506518177727350481}
  - component: {fileID: 506518177727350480}
  m_Layer: 0
  m_Name: TextMeshPro Text
  m_TagString: Untagged
  m_Icon: {fileID: 0}
  m_NavMeshLayer: 0
  m_StaticEditorFlags: 0
  m_IsActive: 1
--- !u!224 &506518177727350483
RectTransform:
  m_ObjectHideFlags: 0
  m_CorrespondingSourceObject: {fileID: 0}
  m_PrefabInstance: {fileID: 0}
  m_PrefabAsset: {fileID: 0}
  m_GameObject: {fileID: 506518177727350482}
  m_LocalRotation: {x: 0, y: 0, z: 0, w: 1}
  m_LocalPosition: {x: 0, y: 0, z: 0}
  m_LocalScale: {x: 1, y: 1, z: 1}
  m_Children: []
  m_Father: {fileID: 506518176734925048}
  m_RootOrder: 0
  m_LocalEulerAnglesHint: {x: 0, y: 0, z: 0}
  m_AnchorMin: {x: 0, y: 0}
  m_AnchorMax: {x: 1, y: 1}
  m_AnchoredPosition: {x: 0, y: 0}
  m_SizeDelta: {x: -20, y: -20}
  m_Pivot: {x: 0.5, y: 0.5}
--- !u!222 &506518177727350481
CanvasRenderer:
  m_ObjectHideFlags: 0
  m_CorrespondingSourceObject: {fileID: 0}
  m_PrefabInstance: {fileID: 0}
  m_PrefabAsset: {fileID: 0}
  m_GameObject: {fileID: 506518177727350482}
  m_CullTransparentMesh: 0
--- !u!114 &506518177727350480
MonoBehaviour:
  m_ObjectHideFlags: 0
  m_CorrespondingSourceObject: {fileID: 0}
  m_PrefabInstance: {fileID: 0}
  m_PrefabAsset: {fileID: 0}
  m_GameObject: {fileID: 506518177727350482}
  m_Enabled: 1
  m_EditorHideFlags: 0
  m_Script: {fileID: 11500000, guid: f4688fdb7df04437aeb418b961361dc5, type: 3}
  m_Name: 
  m_EditorClassIdentifier: 
  m_Material: {fileID: 0}
  m_Color: {r: 1, g: 1, b: 1, a: 1}
  m_RaycastTarget: 1
  m_OnCullStateChanged:
    m_PersistentCalls:
      m_Calls: []
    m_TypeName: UnityEngine.UI.MaskableGraphic+CullStateChangedEvent, UnityEngine.UI,
      Version=1.0.0.0, Culture=neutral, PublicKeyToken=null
  m_text: Some description.
  m_isRightToLeft: 0
  m_fontAsset: {fileID: 11400000, guid: 16624373c5bc7fd44ad051aae4a7f700, type: 2}
  m_sharedMaterial: {fileID: 21352552350418614, guid: 16624373c5bc7fd44ad051aae4a7f700,
    type: 2}
  m_fontSharedMaterials: []
  m_fontMaterial: {fileID: 0}
  m_fontMaterials: []
  m_fontColor32:
    serializedVersion: 2
    rgba: 4294967295
  m_fontColor: {r: 1, g: 1, b: 1, a: 1}
  m_enableVertexGradient: 0
  m_colorMode: 3
  m_fontColorGradient:
    topLeft: {r: 1, g: 1, b: 1, a: 1}
    topRight: {r: 1, g: 1, b: 1, a: 1}
    bottomLeft: {r: 1, g: 1, b: 1, a: 1}
    bottomRight: {r: 1, g: 1, b: 1, a: 1}
  m_fontColorGradientPreset: {fileID: 0}
  m_spriteAsset: {fileID: 0}
  m_tintAllSprites: 0
  m_overrideHtmlColors: 0
  m_faceColor:
    serializedVersion: 2
    rgba: 4294967295
  m_outlineColor:
    serializedVersion: 2
    rgba: 4278190080
  m_fontSize: 26
  m_fontSizeBase: 26
  m_fontWeight: 400
  m_enableAutoSizing: 0
  m_fontSizeMin: 18
  m_fontSizeMax: 72
  m_fontStyle: 0
  m_textAlignment: 257
  m_isAlignmentEnumConverted: 1
  m_characterSpacing: 0
  m_wordSpacing: 0
  m_lineSpacing: 0
  m_lineSpacingMax: 0
  m_paragraphSpacing: 0
  m_charWidthMaxAdj: 0
  m_enableWordWrapping: 1
  m_wordWrappingRatios: 0.4
  m_overflowMode: 0
  m_firstOverflowCharacterIndex: -1
  m_linkedTextComponent: {fileID: 0}
  m_isLinkedTextComponent: 0
  m_isTextTruncated: 0
  m_enableKerning: 1
  m_enableExtraPadding: 0
  checkPaddingRequired: 0
  m_isRichText: 1
  m_parseCtrlCharacters: 1
  m_isOrthographic: 1
  m_isCullingEnabled: 0
  m_ignoreRectMaskCulling: 0
  m_ignoreCulling: 1
  m_horizontalMapping: 0
  m_verticalMapping: 0
  m_uvLineOffset: 0
  m_geometrySortingOrder: 0
  m_firstVisibleCharacter: 0
  m_useMaxVisibleDescender: 1
  m_pageToDisplay: 1
  m_margin: {x: 0, y: 0, z: 0, w: 0}
  m_textInfo:
    textComponent: {fileID: 506518177727350480}
    characterCount: 17
    spriteCount: 0
    spaceCount: 1
    wordCount: 2
    linkCount: 0
    lineCount: 1
    pageCount: 1
    materialCount: 1
  m_havePropertiesChanged: 0
  m_isUsingLegacyAnimationComponent: 0
  m_isVolumetricText: 0
  m_spriteAnimator: {fileID: 0}
  m_isInputParsingRequired: 0
  m_inputSource: 0
  m_hasFontAssetChanged: 0
  m_subTextObjects:
  - {fileID: 0}
  - {fileID: 0}
  - {fileID: 0}
  - {fileID: 0}
  - {fileID: 0}
  - {fileID: 0}
  - {fileID: 0}
  - {fileID: 0}
  m_baseMaterial: {fileID: 0}
  m_maskOffset: {x: 0, y: 0, z: 0, w: 0}
--- !u!1 &506518178011899517
GameObject:
  m_ObjectHideFlags: 0
  m_CorrespondingSourceObject: {fileID: 0}
  m_PrefabInstance: {fileID: 0}
  m_PrefabAsset: {fileID: 0}
  serializedVersion: 6
  m_Component:
  - component: {fileID: 506518178011899506}
  - component: {fileID: 506518178011899504}
  - component: {fileID: 506518178011899507}
  - component: {fileID: 506518178011899510}
  - component: {fileID: 506518178011899505}
  m_Layer: 0
  m_Name: ImmunityModifiersHolder
  m_TagString: Untagged
  m_Icon: {fileID: 0}
  m_NavMeshLayer: 0
  m_StaticEditorFlags: 0
  m_IsActive: 1
--- !u!224 &506518178011899506
RectTransform:
  m_ObjectHideFlags: 0
  m_CorrespondingSourceObject: {fileID: 0}
  m_PrefabInstance: {fileID: 0}
  m_PrefabAsset: {fileID: 0}
  m_GameObject: {fileID: 506518178011899517}
  m_LocalRotation: {x: 0, y: 0, z: 0, w: 1}
  m_LocalPosition: {x: 0, y: 0, z: 0}
  m_LocalScale: {x: 1, y: 1, z: 1}
  m_Children: []
  m_Father: {fileID: 506518177044369505}
  m_RootOrder: 7
  m_LocalEulerAnglesHint: {x: 0, y: 0, z: 0}
  m_AnchorMin: {x: 0.5, y: 1}
  m_AnchorMax: {x: 0.5, y: 1}
  m_AnchoredPosition: {x: 270.00003, y: -339.99997}
  m_SizeDelta: {x: 400, y: 330}
  m_Pivot: {x: 0.5, y: 1}
--- !u!222 &506518178011899504
CanvasRenderer:
  m_ObjectHideFlags: 0
  m_CorrespondingSourceObject: {fileID: 0}
  m_PrefabInstance: {fileID: 0}
  m_PrefabAsset: {fileID: 0}
  m_GameObject: {fileID: 506518178011899517}
  m_CullTransparentMesh: 0
--- !u!114 &506518178011899507
MonoBehaviour:
  m_ObjectHideFlags: 0
  m_CorrespondingSourceObject: {fileID: 0}
  m_PrefabInstance: {fileID: 0}
  m_PrefabAsset: {fileID: 0}
  m_GameObject: {fileID: 506518178011899517}
  m_Enabled: 1
  m_EditorHideFlags: 0
  m_Script: {fileID: -765806418, guid: f70555f144d8491a825f0804e09c671c, type: 3}
  m_Name: 
  m_EditorClassIdentifier: 
  m_Material: {fileID: 0}
  m_Color: {r: 1, g: 1, b: 1, a: 0.392}
  m_RaycastTarget: 1
  m_OnCullStateChanged:
    m_PersistentCalls:
      m_Calls: []
    m_TypeName: UnityEngine.UI.MaskableGraphic+CullStateChangedEvent, UnityEngine.UI,
      Version=1.0.0.0, Culture=neutral, PublicKeyToken=null
  m_Sprite: {fileID: 10907, guid: 0000000000000000f000000000000000, type: 0}
  m_Type: 1
  m_PreserveAspect: 0
  m_FillCenter: 1
  m_FillMethod: 4
  m_FillAmount: 1
  m_FillClockwise: 1
  m_FillOrigin: 0
  m_UseSpriteMesh: 0
--- !u!114 &506518178011899510
MonoBehaviour:
  m_ObjectHideFlags: 0
  m_CorrespondingSourceObject: {fileID: 0}
  m_PrefabInstance: {fileID: 0}
  m_PrefabAsset: {fileID: 0}
  m_GameObject: {fileID: 506518178011899517}
  m_Enabled: 1
  m_EditorHideFlags: 0
  m_Script: {fileID: 11500000, guid: 862ff941e2586ce4db892ebb333964c7, type: 3}
  m_Name: 
  m_EditorClassIdentifier: 
  statModOnePrefab: {fileID: 1425251894544410, guid: 6ec3fe27bf1f6e941871d025656fa0b3,
    type: 3}
  statModMinMaxPrefab: {fileID: 1425251894544410, guid: eb25f0ca7e4054c4f953d82830ba2067,
    type: 3}
  assetBundleNames:
  - stats_immunity
--- !u!114 &506518178011899505
MonoBehaviour:
  m_ObjectHideFlags: 0
  m_CorrespondingSourceObject: {fileID: 0}
  m_PrefabInstance: {fileID: 0}
  m_PrefabAsset: {fileID: 0}
  m_GameObject: {fileID: 506518178011899517}
  m_Enabled: 1
  m_EditorHideFlags: 0
  m_Script: {fileID: 1297475563, guid: f70555f144d8491a825f0804e09c671c, type: 3}
  m_Name: 
  m_EditorClassIdentifier: 
  m_Padding:
    m_Left: 0
    m_Right: 0
    m_Top: 0
    m_Bottom: 0
  m_ChildAlignment: 0
  m_Spacing: 0
  m_ChildForceExpandWidth: 0
  m_ChildForceExpandHeight: 0
  m_ChildControlWidth: 0
  m_ChildControlHeight: 0
--- !u!1001 &506518176566018539
PrefabInstance:
  m_ObjectHideFlags: 0
  serializedVersion: 2
  m_Modification:
    m_TransformParent: {fileID: 506518177339337667}
    m_Modifications:
    - target: {fileID: 6460140943895824569, guid: 2feb8713fb8ab8d49bf76bf780c7d05a,
        type: 3}
      propertyPath: m_Name
      value: CharacterReputationHeadline
      objectReference: {fileID: 0}
    - target: {fileID: 6486834215610465120, guid: 2feb8713fb8ab8d49bf76bf780c7d05a,
        type: 3}
      propertyPath: m_LocalPosition.x
      value: 0
      objectReference: {fileID: 0}
    - target: {fileID: 6486834215610465120, guid: 2feb8713fb8ab8d49bf76bf780c7d05a,
        type: 3}
      propertyPath: m_LocalPosition.y
      value: 0
      objectReference: {fileID: 0}
    - target: {fileID: 6486834215610465120, guid: 2feb8713fb8ab8d49bf76bf780c7d05a,
        type: 3}
      propertyPath: m_LocalPosition.z
      value: 0
      objectReference: {fileID: 0}
    - target: {fileID: 6486834215610465120, guid: 2feb8713fb8ab8d49bf76bf780c7d05a,
        type: 3}
      propertyPath: m_LocalRotation.x
      value: -0
      objectReference: {fileID: 0}
    - target: {fileID: 6486834215610465120, guid: 2feb8713fb8ab8d49bf76bf780c7d05a,
        type: 3}
      propertyPath: m_LocalRotation.y
      value: -0
      objectReference: {fileID: 0}
    - target: {fileID: 6486834215610465120, guid: 2feb8713fb8ab8d49bf76bf780c7d05a,
        type: 3}
      propertyPath: m_LocalRotation.z
      value: -0
      objectReference: {fileID: 0}
    - target: {fileID: 6486834215610465120, guid: 2feb8713fb8ab8d49bf76bf780c7d05a,
        type: 3}
      propertyPath: m_LocalRotation.w
      value: 1
      objectReference: {fileID: 0}
    - target: {fileID: 6486834215610465120, guid: 2feb8713fb8ab8d49bf76bf780c7d05a,
        type: 3}
      propertyPath: m_RootOrder
      value: 0
      objectReference: {fileID: 0}
    - target: {fileID: 6486834215610465120, guid: 2feb8713fb8ab8d49bf76bf780c7d05a,
        type: 3}
      propertyPath: m_LocalEulerAnglesHint.x
      value: 0
      objectReference: {fileID: 0}
    - target: {fileID: 6486834215610465120, guid: 2feb8713fb8ab8d49bf76bf780c7d05a,
        type: 3}
      propertyPath: m_LocalEulerAnglesHint.y
      value: 0
      objectReference: {fileID: 0}
    - target: {fileID: 6486834215610465120, guid: 2feb8713fb8ab8d49bf76bf780c7d05a,
        type: 3}
      propertyPath: m_LocalEulerAnglesHint.z
      value: 0
      objectReference: {fileID: 0}
    - target: {fileID: 6486834215610465120, guid: 2feb8713fb8ab8d49bf76bf780c7d05a,
        type: 3}
      propertyPath: m_AnchoredPosition.x
      value: 0
      objectReference: {fileID: 0}
    - target: {fileID: 6486834215610465120, guid: 2feb8713fb8ab8d49bf76bf780c7d05a,
        type: 3}
      propertyPath: m_AnchoredPosition.y
      value: 0
      objectReference: {fileID: 0}
    - target: {fileID: 6486834215610465120, guid: 2feb8713fb8ab8d49bf76bf780c7d05a,
        type: 3}
      propertyPath: m_SizeDelta.x
      value: 400
      objectReference: {fileID: 0}
    - target: {fileID: 6486834215610465120, guid: 2feb8713fb8ab8d49bf76bf780c7d05a,
        type: 3}
      propertyPath: m_SizeDelta.y
      value: 80
      objectReference: {fileID: 0}
    - target: {fileID: 6486834215610465120, guid: 2feb8713fb8ab8d49bf76bf780c7d05a,
        type: 3}
      propertyPath: m_AnchorMin.x
      value: 0
      objectReference: {fileID: 0}
    - target: {fileID: 6486834215610465120, guid: 2feb8713fb8ab8d49bf76bf780c7d05a,
        type: 3}
      propertyPath: m_AnchorMin.y
      value: 0
      objectReference: {fileID: 0}
    - target: {fileID: 6486834215610465120, guid: 2feb8713fb8ab8d49bf76bf780c7d05a,
        type: 3}
      propertyPath: m_AnchorMax.x
      value: 0
      objectReference: {fileID: 0}
    - target: {fileID: 6486834215610465120, guid: 2feb8713fb8ab8d49bf76bf780c7d05a,
        type: 3}
      propertyPath: m_AnchorMax.y
      value: 0
      objectReference: {fileID: 0}
    - target: {fileID: 6486834215610465120, guid: 2feb8713fb8ab8d49bf76bf780c7d05a,
        type: 3}
      propertyPath: m_Pivot.x
      value: 0
      objectReference: {fileID: 0}
    - target: {fileID: 6486834215610465120, guid: 2feb8713fb8ab8d49bf76bf780c7d05a,
        type: 3}
      propertyPath: m_Pivot.y
      value: 1
      objectReference: {fileID: 0}
    - target: {fileID: 5158655498000243114, guid: 2feb8713fb8ab8d49bf76bf780c7d05a,
        type: 3}
      propertyPath: m_SizeDelta.x
      value: 200
      objectReference: {fileID: 0}
    - target: {fileID: 5158655498000243114, guid: 2feb8713fb8ab8d49bf76bf780c7d05a,
        type: 3}
      propertyPath: m_SizeDelta.y
      value: 50
      objectReference: {fileID: 0}
    - target: {fileID: 4503013014814524118, guid: 2feb8713fb8ab8d49bf76bf780c7d05a,
        type: 3}
      propertyPath: m_textInfo.textComponent
      value: 
      objectReference: {fileID: 4141739233356546877}
    m_RemovedComponents: []
  m_SourcePrefab: {fileID: 100100000, guid: 2feb8713fb8ab8d49bf76bf780c7d05a, type: 3}
--- !u!114 &4141739233356546877 stripped
MonoBehaviour:
  m_CorrespondingSourceObject: {fileID: 4503013014814524118, guid: 2feb8713fb8ab8d49bf76bf780c7d05a,
    type: 3}
  m_PrefabInstance: {fileID: 506518176566018539}
  m_PrefabAsset: {fileID: 0}
  m_GameObject: {fileID: 0}
  m_Enabled: 1
  m_EditorHideFlags: 0
  m_Script: {fileID: 11500000, guid: f4688fdb7df04437aeb418b961361dc5, type: 3}
  m_Name: 
  m_EditorClassIdentifier: 
--- !u!224 &6702023376894999179 stripped
RectTransform:
  m_CorrespondingSourceObject: {fileID: 6486834215610465120, guid: 2feb8713fb8ab8d49bf76bf780c7d05a,
    type: 3}
  m_PrefabInstance: {fileID: 506518176566018539}
  m_PrefabAsset: {fileID: 0}
--- !u!1001 &506518177628915777
PrefabInstance:
  m_ObjectHideFlags: 0
  serializedVersion: 2
  m_Modification:
    m_TransformParent: {fileID: 506518176359991280}
    m_Modifications:
    - target: {fileID: 6460140943895824569, guid: 16f394f8b7e709346a4df73235724169,
        type: 3}
      propertyPath: m_Name
      value: TraumaHeadline
      objectReference: {fileID: 0}
    - target: {fileID: 6486834215610465120, guid: 16f394f8b7e709346a4df73235724169,
        type: 3}
      propertyPath: m_LocalPosition.x
      value: 0
      objectReference: {fileID: 0}
    - target: {fileID: 6486834215610465120, guid: 16f394f8b7e709346a4df73235724169,
        type: 3}
      propertyPath: m_LocalPosition.y
      value: 0
      objectReference: {fileID: 0}
    - target: {fileID: 6486834215610465120, guid: 16f394f8b7e709346a4df73235724169,
        type: 3}
      propertyPath: m_LocalPosition.z
      value: 0
      objectReference: {fileID: 0}
    - target: {fileID: 6486834215610465120, guid: 16f394f8b7e709346a4df73235724169,
        type: 3}
      propertyPath: m_LocalRotation.x
      value: -0
      objectReference: {fileID: 0}
    - target: {fileID: 6486834215610465120, guid: 16f394f8b7e709346a4df73235724169,
        type: 3}
      propertyPath: m_LocalRotation.y
      value: -0
      objectReference: {fileID: 0}
    - target: {fileID: 6486834215610465120, guid: 16f394f8b7e709346a4df73235724169,
        type: 3}
      propertyPath: m_LocalRotation.z
      value: -0
      objectReference: {fileID: 0}
    - target: {fileID: 6486834215610465120, guid: 16f394f8b7e709346a4df73235724169,
        type: 3}
      propertyPath: m_LocalRotation.w
      value: 1
      objectReference: {fileID: 0}
    - target: {fileID: 6486834215610465120, guid: 16f394f8b7e709346a4df73235724169,
        type: 3}
      propertyPath: m_RootOrder
      value: 0
      objectReference: {fileID: 0}
    - target: {fileID: 6486834215610465120, guid: 16f394f8b7e709346a4df73235724169,
        type: 3}
      propertyPath: m_LocalEulerAnglesHint.x
      value: 0
      objectReference: {fileID: 0}
    - target: {fileID: 6486834215610465120, guid: 16f394f8b7e709346a4df73235724169,
        type: 3}
      propertyPath: m_LocalEulerAnglesHint.y
      value: 0
      objectReference: {fileID: 0}
    - target: {fileID: 6486834215610465120, guid: 16f394f8b7e709346a4df73235724169,
        type: 3}
      propertyPath: m_LocalEulerAnglesHint.z
      value: 0
      objectReference: {fileID: 0}
    - target: {fileID: 6486834215610465120, guid: 16f394f8b7e709346a4df73235724169,
        type: 3}
      propertyPath: m_AnchoredPosition.x
      value: 0
      objectReference: {fileID: 0}
    - target: {fileID: 6486834215610465120, guid: 16f394f8b7e709346a4df73235724169,
        type: 3}
      propertyPath: m_AnchoredPosition.y
      value: 0
      objectReference: {fileID: 0}
    - target: {fileID: 6486834215610465120, guid: 16f394f8b7e709346a4df73235724169,
        type: 3}
      propertyPath: m_SizeDelta.x
      value: 400
      objectReference: {fileID: 0}
    - target: {fileID: 6486834215610465120, guid: 16f394f8b7e709346a4df73235724169,
        type: 3}
      propertyPath: m_SizeDelta.y
      value: 80
      objectReference: {fileID: 0}
    - target: {fileID: 6486834215610465120, guid: 16f394f8b7e709346a4df73235724169,
        type: 3}
      propertyPath: m_AnchorMin.x
      value: 0
      objectReference: {fileID: 0}
    - target: {fileID: 6486834215610465120, guid: 16f394f8b7e709346a4df73235724169,
        type: 3}
      propertyPath: m_AnchorMin.y
      value: 0
      objectReference: {fileID: 0}
    - target: {fileID: 6486834215610465120, guid: 16f394f8b7e709346a4df73235724169,
        type: 3}
      propertyPath: m_AnchorMax.x
      value: 0
      objectReference: {fileID: 0}
    - target: {fileID: 6486834215610465120, guid: 16f394f8b7e709346a4df73235724169,
        type: 3}
      propertyPath: m_AnchorMax.y
      value: 0
      objectReference: {fileID: 0}
    - target: {fileID: 6486834215610465120, guid: 16f394f8b7e709346a4df73235724169,
        type: 3}
      propertyPath: m_Pivot.x
      value: 0
      objectReference: {fileID: 0}
    - target: {fileID: 6486834215610465120, guid: 16f394f8b7e709346a4df73235724169,
        type: 3}
      propertyPath: m_Pivot.y
      value: 1
      objectReference: {fileID: 0}
    - target: {fileID: 4503013014814524118, guid: 16f394f8b7e709346a4df73235724169,
        type: 3}
      propertyPath: m_textInfo.textComponent
      value: 
      objectReference: {fileID: 4141739234474232471}
    m_RemovedComponents: []
  m_SourcePrefab: {fileID: 100100000, guid: 16f394f8b7e709346a4df73235724169, type: 3}
--- !u!114 &4141739234474232471 stripped
MonoBehaviour:
  m_CorrespondingSourceObject: {fileID: 4503013014814524118, guid: 16f394f8b7e709346a4df73235724169,
    type: 3}
  m_PrefabInstance: {fileID: 506518177628915777}
  m_PrefabAsset: {fileID: 0}
  m_GameObject: {fileID: 0}
  m_Enabled: 1
  m_EditorHideFlags: 0
  m_Script: {fileID: 11500000, guid: f4688fdb7df04437aeb418b961361dc5, type: 3}
  m_Name: 
  m_EditorClassIdentifier: 
--- !u!224 &6702023378025722657 stripped
RectTransform:
  m_CorrespondingSourceObject: {fileID: 6486834215610465120, guid: 16f394f8b7e709346a4df73235724169,
    type: 3}
  m_PrefabInstance: {fileID: 506518177628915777}
  m_PrefabAsset: {fileID: 0}
